<?xml version="1.0" encoding="UTF-8"?><collection xmlns="http://www.loc.gov/MARC21/slim"><record><leader>00369nam--2200133-i-4500</leader><controlfield tag="001">000020285</controlfield><controlfield tag="002">20161230</controlfield><controlfield tag="005">20161230201033</controlfield><controlfield tag="008">060222s1000------------r-----000-0-eng-d</controlfield><datafield ind1=" " ind2=" " tag="080"><subfield code="a">061.62:539.1(047.1)</subfield></datafield><datafield ind1=" " ind2=" " tag="245"><subfield code="a">Nuclear physics laboratory. laboratorium voor kernfysica</subfield></datafield><datafield ind1=" " ind2=" " tag="260"><subfield code="a">Ghent, Ghent State University, 1984. 140 P</subfield></datafield><datafield ind1=" " ind2=" " tag="490"><subfield code="a">Annual Report</subfield></datafield><datafield ind1=" " ind2=" " tag="852"><subfield code="a">42866</subfield></datafield></record></collection>